<record><leader>00000cas a22000007a 4500</leader><controlfield tag="001">33032787</controlfield><controlfield tag="008">950824d19231950meuwr ne      0    0eng d</controlfield><datafield ind1=" " ind2=" " tag="010"><subfield code="a">sn 95067873 </subfield></datafield><datafield ind1=" " ind2=" " tag="040"><subfield code="a">MBN</subfield><subfield code="b">eng</subfield><subfield code="c">MBN</subfield><subfield code="d">OCL</subfield><subfield code="d">OCLCQ</subfield><subfield code="d">OCLCF</subfield><subfield code="d">OCLCO</subfield></datafield><datafield ind1=" " ind2=" " tag="042"><subfield code="a">msc</subfield></datafield><datafield ind1=" " ind2=" " tag="043"><subfield code="a">n-us-me</subfield></datafield><datafield ind1="0" ind2="0" tag="245"><subfield code="a">Sanford tribune and advocate.</subfield></datafield><datafield ind1=" " ind2=" " tag="260"><subfield code="a">Sanford, Me. :</subfield><subfield code="b">Tribune Pub. Co.</subfield></datafield><datafield ind1=" " ind2=" " tag="300"><subfield code="a">v.</subfield></datafield><datafield ind1=" " ind2=" " tag="310"><subfield code="a">Weekly</subfield></datafield><datafield ind1="0" ind2=" " tag="362"><subfield code="a">Vol. 28, no. 14 (Apr. 5, 1923)-v. 54, no. 15 (Apr. 13, 1950).</subfield></datafield><datafield ind1=" " ind2=" " tag="580"><subfield code="a">Formed by the union of: Sanford tribune, and: Springvale advocate.</subfield></datafield><datafield ind1=" " ind2="0" tag="651"><subfield code="a">Sanford (Me.)</subfield><subfield code="v">Newspapers.</subfield></datafield><datafield ind1=" " ind2="7" tag="655"><subfield code="a">Newspapers.</subfield><subfield code="2">fast</subfield><subfield code="0">(OCoLC)fst01423814</subfield></datafield><datafield ind1=" " ind2="7" tag="651"><subfield code="a">Maine</subfield><subfield code="z">Sanford.</subfield><subfield code="2">fast</subfield><subfield code="0">(OCoLC)fst01237019</subfield></datafield><datafield ind1=" " ind2=" " tag="752"><subfield code="a">United States</subfield><subfield code="b">Maine</subfield><subfield code="c">York</subfield><subfield code="d">Sanford.</subfield></datafield><datafield ind1="1" ind2="4" tag="780"><subfield code="t">Sanford tribune</subfield><subfield code="w">(DLC)sn 95067874</subfield></datafield><datafield ind1="1" ind2="4" tag="780"><subfield code="t">Springvale advocate</subfield><subfield code="w">(DLC)sn 84026919</subfield></datafield><datafield ind1="0" ind2="0" tag="785"><subfield code="t">Sanford tribune (Sanford, Me. : 1950)</subfield><subfield code="w">(DLC)sn 97062785</subfield></datafield></record>